
@misc{abramowitz_history_2016,
	title = {History shows {Hillary} {Clinton} will win},
	url = {http://www.nydailynews.com/news/politics/history-shows-hillary-clinton-win-article-1.2854411},
	abstract = {With only a few days left until Election Day, the outlook for the presidential contest is actually becoming cloudier instead of clearer.},
	urldate = {2017-09-25},
	journal = {NY Daily News},
	author = {Abramowitz, Alan},
	month = nov,
	year = {2016},
	file = {Snapshot:/home/stephen/.zotero/zotero/nqwy5qsq.default/zotero/storage/GNTM8BBR/history-shows-hillary-clinton-win-article-1.html:text/html}
}

@misc{daprile_shattering_2008,
	title = {Shattering the {Bradley} {Effect}?},
	url = {https://www.campaignsandelections.com/campaign-insider/shattering-the-bradley-effect},
	abstract = {I haven't been able to find one major pollster who thinks the so-called "Bradley effect," (the notion that voters overstate their support for a black candidate},
	urldate = {2017-09-25},
	journal = {campaignsandelections.com},
	author = {D'Aprile, Shane},
	month = nov,
	year = {2008},
	file = {Snapshot:/home/stephen/.zotero/zotero/nqwy5qsq.default/zotero/storage/QZ2XZ2H3/shattering-the-bradley-effect.html:text/html}
}

@article{jackson_huffpost_2016,
	chapter = {Politics},
	title = {{HuffPost} {Forecasts} {Hillary} {Clinton} {Will} {Win} {With} 323 {Electoral} {Votes}},
	url = {http://www.huffingtonpost.com/entry/polls-hillary-clinton-win},
	abstract = {Democrats stand a strong chance of taking control of the Senate as well.},
	language = {en\_US},
	urldate = {2017-09-25},
	journal = {Huffington Post},
	author = {Jackson, Natalie},
	month = nov,
	year = {2016},
	file = {Snapshot:/home/stephen/.zotero/zotero/nqwy5qsq.default/zotero/storage/5HV6EVD5/polls-hillary-clinton-win_us_5821074ce4b0e80b02cc2a94.html:text/html}
}

@article{maccoby_interview:_1954,
	title = {The interview: {A} tool of social science},
	volume = {1},
	shorttitle = {The interview},
	journal = {Handbook of social psychology},
	author = {Maccoby, Eleanor E. and Maccoby, Nathan},
	year = {1954},
	pages = {449--487}
}

@misc{pomarico_nate_2016,
	title = {Nate {Silver}'s {Election} {Prediction} {Says} {Hillary} {Clinton} {Will} {Win} {By} {A} {Landslide}},
	url = {https://www.bustle.com/articles/190473-nate-silvers-election-prediction-says-hillary-clinton-will-win-by-a-landslide},
	abstract = {As the 2016 presidential election gets closer, political discussions are getting more and more heated as people try to figure out whether Hillary Clinton or Donald Trump will win and take Barack Obama's place come Inauguration Day. But one of the mos},
	urldate = {2017-09-20},
	journal = {bustle.com},
	author = {Pomarico, Nicole},
	month = oct,
	year = {2016},
	file = {Snapshot:/home/stephen/.zotero/zotero/nqwy5qsq.default/zotero/storage/RMK7DJDQ/190473-nate-silvers-election-prediction-says-hillary-clinton-will-win-by-a-landslide.html:text/html}
}

@misc{shepard_gop_2016,
	title = {{GOP} insiders: {Polls} don't capture secret {Trump} vote},
	shorttitle = {{GOP} insiders},
	url = {http://politi.co/2eMmUuc},
	abstract = {\&quot;I personally know many Republicans that won't admit that they are voting for Trump. I don't like admitting it myself,\&quot; said a Virginia Republican.},
	urldate = {2017-09-25},
	journal = {POLITICO},
	author = {Shepard, Steven},
	month = oct,
	year = {2016},
	file = {Snapshot:/home/stephen/.zotero/zotero/nqwy5qsq.default/zotero/storage/IGCQSNCW/donald-trump-shy-voters-polls-gop-insiders-230411.html:text/html}
}

@misc{simmons_for_2017,
	title = {For {Many} {Big} {Law} {Trump} {Donors}, '{Stigma}' {Kept} {Support} {Below} the {Radar}},
	url = {http://www.law.com/sites/almstaff/2017/01/16/for-many-big-law-trump-donors-stigma-kept-support-below-the-radar/},
	abstract = {It was no secret during the presidential race that Donald Trump trailed Hillary Clinton in financial donations from the legal industry. Lawyers and…},
	urldate = {2017-09-25},
	journal = {Law.com},
	author = {Simmons, Christine},
	month = jan,
	year = {2017},
	file = {Snapshot:/home/stephen/.zotero/zotero/nqwy5qsq.default/zotero/storage/CCSFWBFZ/for-many-big-law-trump-donors-stigma-kept-support-below-the-radar.html:text/html}
}

@misc{wang_disappearing_2008,
	title = {The disappearing {Bradley} effect},
	url = {http://election.princeton.edu/2008/09/27/the-disappearing-bradley-effect/},
	urldate = {2017-09-25},
	journal = {Princeton Election Consortium},
	author = {Wang, Sam},
	month = sep,
	year = {2008},
	file = {Snapshot:/home/stephen/.zotero/zotero/nqwy5qsq.default/zotero/storage/AII7ABTT/the-disappearing-bradley-effect.html:text/html}
}

@misc{wright_donald_2016,
	title = {Donald {Trump} polls: {Campaign} manager points to 'undercover' voters - {CNNPolitics}},
	url = {http://www.cnn.com/2016/08/24/politics/donald-trump-undercover-voters-kellyanne-conway/},
	urldate = {2017-09-25},
	journal = {CNN.com},
	author = {Wright, David},
	month = aug,
	year = {2016},
	file = {Donald Trump polls\: Campaign manager points to 'undercover' voters - CNNPolitics:/home/stephen/.zotero/zotero/nqwy5qsq.default/zotero/storage/J4F2SHZ6/donald-trump-undercover-voters-kellyanne-conway.html:text/html}
}